%% LaTeX2e file `energy-planning.bib'
%% generated by the `filecontents' environment
%% from source `energy-planning' on 2021/12/08.
%%

