%% LaTeX2e file `icra-2021.bib'
%% generated by the `filecontents' environment
%% from source `icra-2021' on 2020/12/15.
%%
  @inproceedings{seewald2020mechanical,
    title={Mechanical and Computational Energy Estimation of a Fixed-Wing Drone},
    author={Seewald, Adam and Garcia de Marina, Hector and Midtiby, Henrik Skov and Schultz, Ulrik Pagh},
    booktitle={2020 Fourth IEEE International Conference on Robotic Computing (IRC)},
    pages={135--142},
    year={2020},
    organization={IEEE},
    DOI={10.1109/IRC.2020.00028},
    url={https://adamseew.bitbucket.io/short/mechanical2020}
  }

  @article{seewald2019coarse,
    title={Coarse-Grained Computation-Oriented Energy Modeling for Heterogeneous Parallel Embedded Systems},
    author={Seewald, Adam and Schultz, Ulrik Pagh and Ebeid, Emad and Midtiby, Henrik Skov},
    journal={International Journal of Parallel Programming},
    pages={1--22},
    year={2019},
    publisher={Springer},
    DOI={10.1007/s10766-019-00645-y},
    url={https://adamseew.bitbucket.io/short/coarse2019}
  }
  @inproceedings{seewald2019component,
    title={Component-based computation-energy modeling for embedded systems},
    author={Seewald, Adam and Schultz, Ulrik Pagh and Roeder, Julius and Rouxel, Benjamin and Grelck, Clemens},
    booktitle={Proceedings Companion of the 2019 ACM SIGPLAN International Conference on Systems, Programming, Languages, and Applications: Software for Humanity},
    pages={5--6},
    year={2019},
    organization={ACM},
    DOI={10.1145/3359061.3362775},
    url={https://adamseew.bitbucket.io/short/component2019}
  }
  @inproceedings{hajjaj2014review,
    title={Review of research in the area of agriculture mobile robots},
    author={Hajjaj, Sami Salama Hussen and Sahari, Khairul Salleh Mohamed},
    booktitle={The 8th International Conference on Robotic, Vision, Signal Processing \& Power Applications},
    pages={107--117},
    year={2014},
    organization={Springer}
  }
  @inproceedings{qingchun2012study,
    title={Study on strawberry robotic harvesting system},
    author={Qingchun, Feng and Wengang, Zheng and Quan, Qiu and Kai, Jiang and Rui, Guo},
    booktitle={2012 IEEE International Conference on Computer Science and Automation Engineering (CSAE)},
    volume={1},
    pages={320--324},
    year={2012},
    organization={IEEE}
  }
  @article{edan2000robotic,
    title={Robotic melon harvesting},
    author={Edan, Yael and Rogozin, Dima and Flash, Tamar and Miles, Gaines E},
    journal={IEEE Transactions on Robotics and Automation},
    volume={16},
    number={6},
    pages={831--835},
    year={2000},
    publisher={IEEE}
  }
  @inproceedings{aljanobi2010setup,
    title={A setup of mobile robotic unit for fruit harvesting},
    author={Aljanobi, AA and Al-Hamed, SA and Al-Suhaibani, SA},
    booktitle={19th International Workshop on Robotics in Alpe-Adria-Danube Region (RAAD 2010)},
    pages={105--108},
    year={2010},
    organization={IEEE}
  }
  @article{de2011design,
    title={Design and control of an apple harvesting robot},
    author={De-An, Zhao and Jidong, Lv and Wei, Ji and Ying, Zhang and Yu, Chen},
    journal={Biosystems engineering},
    volume={110},
    number={2},
    pages={112--122},
    year={2011},
    publisher={Elsevier}
  }
  @article{dong2011development,
    title={Development of a row guidance system for an autonomous robot for white asparagus harvesting},
    author={Dong, Fuhong and Heinemann, Wolfgang and Kasper, Roland},
    journal={Computers and Electronics in Agriculture},
    volume={79},
    number={2},
    pages={216--225},
    year={2011},
    publisher={Elsevier}
  }
  @inproceedings{li2008analysis,
    title={Analysis of workspace and kinematics for a tomato harvesting robot},
    author={Li, Zhiguo and Liu, Jizhan and Li, Pingping and Li, Wei},
    booktitle={2008 International Conference on Intelligent Computation Technology and Automation (ICICTA)},
    volume={1},
    pages={823--827},
    year={2008},
    organization={IEEE}
  }
  @article{puri2017agriculture,
    title={Agriculture drones: A modern breakthrough in precision agriculture},
    author={Puri, Vikram and Nayyar, Anand and Raja, Linesh},
    journal={Journal of Statistics and Management Systems},
    volume={20},
    number={4},
    pages={507--518},
    year={2017},
    publisher={Taylor \& Francis}
  }
  @inproceedings{mei2005case,
    title={A case study of mobile robot's energy consumption and conservation techniques},
    author={Mei, Yongguo and Lu, Yung-Hsiang and Hu, Y Charlie and Lee, CS George},
    booktitle={ICAR'05. Proceedings., 12th International Conference on Advanced Robotics, 2005.},
    pages={492--497},
    year={2005},
    organization={IEEE}
  }
  @inproceedings{mei2004energy,
    title={Energy-efficient motion planning for mobile robots},
    author={Mei, Yongguo and Lu, Yung-Hsiang and Hu, Y Charlie and Lee, CS George},
    booktitle={IEEE International Conference on Robotics and Automation, 2004. Proceedings. ICRA'04. 2004},
    volume={5},
    pages={4344--4349},
    year={2004},
    organization={IEEE}
  }
  @article{mei2006deployment,
    title={Deployment of mobile robots with energy and timing constraints},
    author={Mei, Yongguo and Lu, Yung-Hsiang and Hu, Yu Charlie and Lee, CS George},
    journal={IEEE Transactions on robotics},
    volume={22},
    number={3},
    pages={507--522},
    year={2006},
    publisher={IEEE}
  }
  @inproceedings{kreciglowa2017energy,
    title={Energy efficiency of trajectory generation methods for stop-and-go aerial robot navigation},
    author={Kreciglowa, Nadia and Karydis, Konstantinos and Kumar, Vijay},
    booktitle={2017 International Conference on Unmanned Aircraft Systems (ICUAS)},
    pages={656--662},
    year={2017},
    organization={IEEE}
  }
  @article{sadrpour2013mission,
    title={Mission Energy Prediction for Unmanned Ground Vehicles Using Real-time Measurements and Prior Knowledge},
    author={Sadrpour, Amir and Jin, Jionghua and Ulsoy, A Galip},
    journal={Journal of Field Robotics},
    volume={30},
    number={3},
    pages={399--414},
    year={2013},
    publisher={Wiley Online Library}
  }
  @inproceedings{sadrpour2013experimental,
    title={Experimental validation of mission energy prediction model for unmanned ground vehicles},
    author={Sadrpour, Amir and Jin, Judy and Ulsoy, A Galip},
    booktitle={2013 American Control Conference},
    pages={5960--5965},
    year={2013},
    organization={IEEE}
  }
  @inproceedings{kim2005energy,
    title={Energy-saving 3-step velocity control algorithm for battery-powered wheeled mobile robots},
    author={Kim, Chong Hui and Kim, Byung Kook},
    booktitle={Proceedings of the 2005 IEEE international conference on robotics and automation},
    pages={2375--2380},
    year={2005},
    organization={IEEE}
  }
  @inproceedings{kim2008minimum,
    title={Minimum-energy translational trajectory planning for battery-powered three-wheeled omni-directional mobile robots},
    author={Kim, Hongjun and Kim, Byung-Kook},
    booktitle={2008 10th International Conference on Control, Automation, Robotics and Vision},
    pages={1730--1735},
    year={2008},
    organization={IEEE}
  }
  @book{wahab2015energy,
    title={Energy modeling of differential drive robots},
    author={Wahab, Mudasser and Rios-Gutierrez, Fernando and El Shahat, Adel},
    year={2015},
    publisher={IEEE}
  }
  @online{px4,
    author={PX4},
    title={{PX4} open-source autopilot},
    url={https://px4.io/},
    urldate={2016-09-01}
  }
  @online{papa,
    author={Paparazzi},
    title={{UAV} open-source project},
    url={http://wiki.paparazziuav.org/},
    urldate={2016-09-01}
  }
  @online{nano,
    author={NVIDIA},
    title={{NVIDIA Jetson Nano} developer kit},
    url={https://developer.nvidia.com/embedded/jetson-nano-developer-kit},
    urldate={2020-02-02}
  }
  @online{opterra,
    author={Horizon Hobby},
    title={{Opterra} 2m Wing BNF Basic},
    url={https://www.horizonhobby.com/opterra-2m-wing-bnf-basic-p-efl11150},
    urldate={2020-02-02}
  }
  @online{meier2013mavlink,
    title={Mavlink: Micro air vehicle communication protocol},
    author={Meier, Lorenz and Camacho, J and Godbolt, B and Goppert, J and Heng, L and Lizarraga, M and others},
    url={https://mavlink.io/},
    urldate={2020-02-02}
  }
  @article{ullah2018pednet,
    title={Pednet: A spatio-temporal deep convolutional neural network for pedestrian segmentation},
    author={Ullah, Mohib and Mohammed, Ahmed and Alaya Cheikh, Faouzi},
    journal={Journal of Imaging},
    volume={4},
    number={9},
    pages={107},
    year={2018},
    publisher={Multidisciplinary Digital Publishing Institute}
  }
  @inproceedings{sandler2018mobilenetv2,
    title={Mobilenetv2: Inverted residuals and linear bottlenecks},
    author={Sandler, Mark and Howard, Andrew and Zhu, Menglong and Zhmoginov, Andrey and Chen, Liang-Chieh},
    booktitle={Proceedings of the IEEE conference on computer vision and pattern recognition},
    pages={4510--4520},
    year={2018}
  }
  @inproceedings{quigley2009ros,
    title={ROS: an open-source Robot Operating System},
    author={Quigley, Morgan and Conley, Ken and Gerkey, Brian and Faust, Josh and Foote, Tully and Leibs, Jeremy and Wheeler, Rob and Ng, Andrew Y},
    booktitle={ICRA workshop on open source software},
    volume={3},
    number={3.2},
    pages={5},
    year={2009}
  }
  @book{stengel1994optimal,
    title={Optimal control and estimation},
    author={Stengel, Robert F},
    year={1994},
    publisher={Courier Corporation}
  }
  @book{simon2006optimal,
    title={Optimal state estimation: Kalman, H infinity, and nonlinear approaches},
    author={Simon, Dan},
    year={2006},
    publisher={John Wiley \& Sons}
  }
  @inproceedings{de2017guidance,
    title={Guidance algorithm for smooth trajectory tracking of a fixed wing UAV flying in wind flows},
    author={De Marina, Hector Garcia and Kapitanyuk, Yuri A and Bronz, Murat and Hattenberger, Gautier and Cao, Ming},
    booktitle={2017 IEEE international conference on robotics and automation (ICRA)},
    pages={5740--5745},
    year={2017},
    organization={IEEE}
  }
  @book{rawlings2017model,
    title={Model predictive control: theory, computation, and design},
    author={Rawlings, James Blake and Mayne, David Q and Diehl, Moritz},
    volume={2},
    year={2017},
    publisher={Nob Hill Publishing Madison, WI}
  }
  @inproceedings{morbidi2016minimum,
    title={Minimum-energy path generation for a quadrotor UAV},
    author={Morbidi, Fabio and Cano, Roel and Lara, David},
    booktitle={2016 IEEE International Conference on Robotics and Automation (ICRA)},
    pages={1492--1498},
    year={2016},
    organization={IEEE}
  }
  @inproceedings{daponte2019review,
    title={A review on the use of drones for precision agriculture},
    author={Daponte, Pasquale and De Vito, Luca and Glielmo, Luigi and Iannelli, Luigi and Liuzza, Davide and Picariello, Francesco and Silano, Giuseppe},
    booktitle={IOP Conference Series: Earth and Environmental Science},
    volume={275},
    number={1},
    pages={012022},
    year={2019},
    organization={IOP Publishing}
  }
  @inproceedings{zamanakos2020energy,
    title={Energy-Aware Design of Vision-Based Autonomous Tracking and Landing of a UAV},
    author={Zamanakos, Georgios and Seewald, Adam and Midtiby, Henrik Skov and Schultz, Ulrik Pagh},
    booktitle={2020 Fourth IEEE International Conference on Robotic Computing (IRC)},
    pages={294--297},
    year={2020},
    organization={IEEE},
    DOI={10.1109/IRC.2020.00054},
    url={https://adamseew.bitbucket.io/short/energy2020}
  }

  @inproceedings{seewald2020beyond,
    title={Beyond Traditional Energy Planning: the Weight of Computations in Planetary Exploration},
    author={Seewald, Adam},
    booktitle={IROS Workshop on Planetary Exploration Robots: Challenges and Opportunities (PLANROBO20)},
    pages={3},
    year={2020},
    publisher={ETH Zurich, Department of Mechanical and Process Engineering},
    DOI={10.3929/ethz-b-000450120},
    url={https://adamseew.bitbucket.io/short/beyond2020}
  }
  @inproceedings{lindemann2005smoothly,
    title={Smoothly blending vector fields for global robot navigation},
    author={Lindemann, Stephen R and LaValle, Steven M},
    booktitle={Proceedings of the 44th IEEE Conference on Decision and Control},
    pages={3553--3559},
    year={2005},
    organization={IEEE}
  }
  @article{gonccalves2010vector,
    title={Vector fields for robot navigation along time-varying curves in $n$-dimensions},
    author={Gon{\c{c}}alves, Vin{\'\i}cius M and Pimenta, Luciano CA and Maia, Carlos A and Dutra, Bruno CO and Pereira, Guilherme AS},
    journal={IEEE Transactions on Robotics},
    volume={26},
    number={4},
    pages={647--659},
    year={2010},
    publisher={IEEE}
  }
  @inproceedings{panagou2014motion,
    title={Motion planning and collision avoidance using navigation vector fields},
    author={Panagou, Dimitra},
    booktitle={2014 IEEE International Conference on Robotics and Automation (ICRA)},
    pages={2513--2518},
    year={2014},
    organization={IEEE}
  }
  @inproceedings{zhou2014vector,
    title={Vector field following for quadrotors using differential flatness},
    author={Zhou, Dingjiang and Schwager, Mac},
    booktitle={2014 IEEE International Conference on Robotics and Automation (ICRA)},
    pages={6567--6572},
    year={2014},
    organization={IEEE}
  }
  @article{kapitanyuk2017guiding,
    title={A guiding vector-field algorithm for path-following control of nonholonomic mobile robots},
    author={Kapitanyuk, Yuri A and Proskurnikov, Anton V and Cao, Ming},
    journal={IEEE Transactions on Control Systems Technology},
    volume={26},
    number={4},
    pages={1372--1385},
    year={2017},
    publisher={IEEE}
  }
  @book{kuo1967automatic,
    title={Automatic Control Systems},
    author={Kuo, B.C.},
    isbn={9780130549730},
    lccn={67016388},
    series={Electrical engineering series},
    year={1967},
    publisher={Prentice-Hall}
  }
  @article{moler2003nineteen,
    title={Nineteen dubious ways to compute the exponential of a matrix, twenty-five years later},
    author={Moler, Cleve and Van Loan, Charles},
    journal={SIAM review},
    volume={45},
    number={1},
    pages={3--49},
    year={2003},
    publisher={SIAM}
  }
  @book{ogata2002modern,
    title={Modern Control Engineering},
    author={Ogata, K.},
    isbn={9780130432452},
    lccn={2001021683},
    year={2002},
    publisher={Prentice Hall}
  }
  @article{rizvi2017general,
    title={A general-purpose graphics processing unit (gpgpu)-accelerated robotic controller using a low power mobile platform},
    author={Rizvi, Syed Tahir Hussain and Cabodi, Gianpiero and Patti, Denis and Gulzar, Muhammad Majid},
    journal={Journal of Low Power Electronics and Applications},
    volume={7},
    number={2},
    pages={10},
    year={2017},
    publisher={Multidisciplinary Digital Publishing Institute}
  }
  @article{abramov2012real,
    title={Real-time segmentation of stereo videos on a portable system with a mobile gpu},
    author={Abramov, Alexey and Pauwels, Karl and Papon, Jeremie and Worgotter, Florentin and Dellen, Babette},
    journal={IEEE Transactions on Circuits and Systems for Video Technology},
    volume={22},
    number={9},
    pages={1292--1305},
    year={2012},
    publisher={IEEE}
  }
  @inproceedings{jaramillo2019visual,
    title={Visual saliency with foveated images for fast object detection and recognition in mobile robots using low-power embedded GPUs},
    author={Jaramillo-Avila, Uziel and Aitken, Jonathan M and Anderson, Sean R},
    booktitle={2019 19th International Conference on Advanced Robotics (ICAR)},
    pages={773--778},
    year={2019},
    organization={IEEE}
  }
  @inproceedings{satria2016real,
    title={Real-time system-level implementation of a telepresence robot using an embedded GPU platform},
    author={Satria, Muhammad Teguh and Gurumani, Swathi and Zheng, Wang and Tee, Keng Peng and Koh, Augustine and Yu, Pan and Rupnow, Kyle and Chen, Deming},
    booktitle={2016 Design, Automation \& Test in Europe Conference \& Exhibition (DATE)},
    pages={1445--1448},
    year={2016},
    organization={IEEE}
  }
